<?xml version="1.0" encoding="UTF-8"?><collection xmlns="http://www.loc.gov/MARC21/slim"><record><leader>00369nam--2200109-i-4500</leader><controlfield tag="001">000034978</controlfield><controlfield tag="002">20161230</controlfield><controlfield tag="005">20161230201040</controlfield><controlfield tag="008">060222s1000------------r-----000-0-eng-d</controlfield><datafield ind1=" " ind2=" " tag="245"><subfield code="a">Nouveau traite de chimie minerale. publie sous la direction de paul pascal. t.4: glucinium, magnesium, calcium, strontium, baryum, radium</subfield></datafield><datafield ind1=" " ind2=" " tag="260"><subfield code="a">Paris, Masson Et C-ie, 1956</subfield></datafield><datafield ind1=" " ind2=" " tag="852"><subfield code="a">11900</subfield></datafield></record></collection>